@book{modern-graph-theory,
  title = {Modern Graph Theory},
  author = {Bollobás, Béla},

  publisher = {Springer},

  year = {1996},

  citeulike-article-id = {},
  edition = {},
  keywords = {},
  posted-at = {},
  priority = {},

  notes = {}
}
@Unpublished{,
  title  = {Computing Property Paths over Linked Data using AI search},
  author = {Baier, Jorge and Daroch, Dietrich and Reutter, Juan and Vrgoc, Domagoj},

  institute = {Center for Semantic Web Research},

  year  = {2016},
  month = {June},

  notes = {}
}